@book{aibook,
  author    = {Russell, Stuart and Norvig, Peter},
  title     = {Artificial Intelligence: A Modern Approach},
  year      = {2020},
  edition   = {4th},
  publisher = {Pearson},
  isbn      = {9780134610993},
  address   = {New York},
}

@report{haireport,
  title       = {The AI Index 2024 Annual Report},
  institution = {Stanford Institute for Human-Centered AI (HAI)},
  year        = {2024},
  note        = {\url{https://aiindex.stanford.edu/report/}},
}
