@book{ai2020,
  title={Artificial Intelligence: A Modern Approach},
  author={Stuart Russell and Peter Norvig},
  year={2020},
  edition={4th},
  publisher={Pearson},
  address={Hoboken, NJ},
  isbn={9780134610993}
}

