@misc{ai_boom,
  author    = {Wikipedia contributors},
  title     = {AI Boom},
  year      = {2024},
  url       = {https://en.wikipedia.org/wiki/AI_boom},
  note      = {\href{https://en.wikipedia.org/wiki/AI_boom}{visit}}
}


@misc{ai_effect,
  author    = {Wikipedia contributors},
  title     = {AI Effect},
  year      = {2024},
  url       = {https://en.wikipedia.org/wiki/AI_effect},
  note      = {\href{https://en.wikipedia.org/wiki/AI_effect}{Visit}}
}

