@misc{video,
  author       = {Terence Tao},
  title        = {AI and Mathematics - Terence Tao at IMO 2024},
  year         = {2023},
  url          = {https://www.youtube.com/watch?v=e049IoFBnLA},
  note         = {\href{https://www.youtube.com/watch?v=e049IoFBnLA}{watch}},
}
